@misc{FilasetaAngeloThreeYearThesis,
  author       = {Angelo, Filaseta},
  date         = {2020-10},
  howpublished = {\url{https://github.com/AngeloFilaseta/three-years-thesis/releases/latest/three-years-thesis-filaseta-angelo.pdf}},
  title        = {Sviluppo di un'infografica responsive per promuovere processi di dematerializzazione},
}

@misc{Tale152Brittany:online,
  author       = {team, FaTaTe},
  date         = {2022},
  howpublished = {\url{https://github.com/Tale152/brittany}},
  title        = {Tale152/brittany: Smart greenhouse. Agent based with microservices architecture.},
}

