@InProceedings{10.1007/978-3-031-35260-7_6,
    author="Filaseta, Angelo
    and Pianini, Danilo",
    editor="Pati{\~{n}}o-Mart{\'i}nez, Marta
    and Paulo, Jo{\~a}o",
    title="Runtime Load-Shifting ofÂ Distributed Controllers Across Networked Devices",
    booktitle="Distributed Applications and Interoperable Systems",
    year="2023",
    publisher="Springer Nature Switzerland",
    address="Cham",
    pages="93--109",
    isbn="978-3-031-35260-7"
}
